@book{schafer1977,
  title     = "Tuning of the World",
  author    = "Schafer, R. Murray",
  year      = 1977,
  publisher = "Random House"
}

@inbook{broughton1963,
  editor    = "Busnel, Ren√© Guy",
  title     = "Acoustic Behavior of Animals",
  chapter   = "Glossarial Index",
  author    = "Broughton, W.B.",
  publisher = "Elsevier",
  year      = "1963"
}

@Manual{sonicscrewdriver,
    title = {SonicScrewdriveR},
    author = "Baker, E.",
    year = {2021},
    url = {https://cran.r-project.org/package=sonicscrewdriver},
}

@Manual{suncalc,
    title = {suncalc: Compute Sun Position, Sunlight Phases, Moon Position and Lunar Phase},
    author = {Benoit Thieurmel and Achraf Elmarhraoui},
    year = {2019},
    note = {R package version 0.5.0},
    url = {https://CRAN.R-project.org/package=suncalc},
}

@Article{plotrix,
    year = {2006},
    title = {Plotrix: a package in the red light district of R},
    journal = {R-News},
    volume = {6},
    number = {4},
    pages = {8-12},
    author = {Lemon, J}
}